@book{Mes2014,
title = "A Fast Multipole Galerkin Boundary Element Method for the Transient Heat Equation",
author = "Michael Me{\ss}ner",
year = "2014",
language = "English",
isbn = "978-3-85125-350-4",
volume = "23",
series = "Monographic Series TU Graz: Computation in Engineering and Science",
publisher = "Verlag der Technischen Universit{\"a}t Graz",
edition = "1",
}

@Article{DohZapOfMer2019,
  author   = {Stefan Dohr and Jan Zapletal and Günther Of and Michal Merta and Michal Kravčenko},
  title    = {A parallel space–time boundary element method for the heat equation},
  journal  = {Computers \& Mathematics with Applications},
  year     = {2019},
  issn     = {0898-1221},
  doi      = {10.1016/j.camwa.2018.12.031},
  keywords = {Space–time boundary element method, Heat equation, Parallelization, Vectorization},
}

@article{MesSchTau2015,
title = "An Efficient {G}alerkin Boundary Element Method for the Transient Heat Equation",
author = "Michael Messner and Martin Schanz and Johannes Tausch",
year = "2015",
doi = "10.1137/151004422",
language = "English",
volume = "37",
pages = "A1554--A1576",
journal = "SIAM journal on scientific computing",
issn = "1064-8275",
publisher = "Society for Industrial and Applied Mathematics Publications",
number = "3",
}

@article{MesSchTau2014,
title = "A fast {G}alerkin method for parabolic space–time boundary integral equations",
journal = "Journal of Computational Physics",
volume = "258",
pages = "15--30",
year = "2014",
issn = "0021-9991",
doi = "10.1016/j.jcp.2013.10.029",
author = "Michael Messner and Martin Schanz and Johannes Tausch",
keywords = "Parabolic FMM, Fast Gauss transform, Galerkin BEM, Heat equation"
}

@misc{DohNiiSte2018,
author = {Dohr, Stefan and Niino, Kazuki and Steinbach, Olaf},
year = {2018},
month = {12},
title = {Space-time boundary element methods for the heat equation},
Eprint = {https://www.numerik.math.tugraz.at/berichte/Bericht0818.pdf}
}

@misc{DohEtAl2018,
Author = {Stefan Dohr and Michal Merta and Günther Of and Olaf Steinbach and Jan Zapletal},
Title = {A parallel solver for a preconditioned space-time boundary element method for the heat equation},
Year = {2018},
Eprint = {arXiv:1811.05224}
}

@Article{Cos1990,
author="Costabel, Martin",
title="Boundary integral operators for the heat equation",
journal="Integral Equations and Operator Theory",
year="1990",
month="Jul",
day="01",
volume="13",
number="4",
pages="498--552",
issn="1420-8989",
doi="10.1007/BF01210400"
}

@Book{SauSch2010,
  Title                    = {Boundary Element Methods},
  Author                   = {Sauter, Stefan A. and Schwab, Christoph},
  Publisher                = {Springer Berlin Heidelberg},
  Year                     = {2010},
  Address                  = {Berlin, Heidelberg},
  Series                   = {Springer Series in Computational Mathematics},
  Doi                      = {10.1007/978-3-540-68093-2_4},
  ISBN                     = {9783540680932}
}

@article{ManTau2019,
title = "Quadrature for parabolic {G}alerkin {BEM} with moving surfaces",
journal = "Computers \& Mathematics with Applications",
volume = "77",
number = "1",
pages = "1--14",
year = "2019",
issn = "0898-1221",
doi = "10.1016/j.camwa.2018.09.004",
author = "Nicole Manson and Johannes Tausch"
}

@inbook{Cos2004,
author = {Costabel, Martin},
publisher = {American Cancer Society},
isbn = {9780470091357},
title = {Time-Dependent Problems with the Boundary Integral Equation Method},
booktitle = {Encyclopedia of Computational Mechanics},
chapter = {25},
pages = {},
doi = {10.1002/0470091355.ecm022},
year = {2004},
keywords = {space-time boundary integral equations, time domain, frequency domain, retarded potential, anisotropic Sobolev norms}
}

@PhdThesis{Noo1988,
  author = {Noon, Patrick James},
  title  = {The Single Layer Heat Potential and {G}alerkin Boundary Element Methods for the Heal Equation},
  school = {University of Maryland},
  year   = {1988},
}
